2008 3654
0 0 37 31 rr·
60 14 62 17 -

643 163 1121 230 VITA.

18 258 204 310 'diversae
218 255 448 305 sententiae
464 284 477 305 ,
500 254 633 299 variis
646 252 902 299 rationibus
921 252 1022 298 firm
1030 265 1125 298 atae:
1163 252 1365 313 Rogavit
1378 253 1520 314 igitur
1535 255 1690 302 Maro:

21 310 131 373 nem
144 357 158 376 ‚
175 340 230 372 an
243 320 445 370 conferat
456 318 635 381 privato
653 318 781 363 homi
789 318 835 362 ni
851 351 863 370 ,
877 317 979 364 sein
993 315 1068 363 sua
1081 316 1239 377 repub.
1258 328 1508 377 tyrannum
1526 318 1687 368 facere.

27 376 150 439 Tum
167 389 244 436 ille
259 419 272 437 ‚
293 384 497 439 Omnibus
502 381 648 445 ferme
664 415 676 432 ‚
706 383 886 445 inquit,
912 393 1046 444 remp.
1064 383 1380 442 aucupantibus
1405 383 1574 442 molesta
1599 385 1689 446 ipsa

23 458 217 521 tyrannis
234 452 356 516 fuit,
383 448 615 505 &civibus
632 466 646 492 .·
673 451 779 511 quia
804 447 952 508 necesse
977 461 1074 497 erat
1098 459 1272 509 propter
1285 449 1380 494 odia
1393 447 1689 509 subditorum,

21 509 109 572 dut
119 535 266 570 eorum
276 516 530 579 injustitiam
545 545 556 566 ‚
581 530 736 575 magna
740 511 966 573 suspicione
979 528 1213 574 magnoque
1236 515 1390 562 timore
1402 516 1572 559 vivere.
1610 516 1692 561 Sed

17 586 63 650 [ι’
79 589 191 633 cives
203 581 364 645 justum
388 580 578 641 aliquem
595 578 755 640 sczrem‘
769 595 899 641 quem
925 592 1128 625 amarent
1149 577 1394 640 plurimum
1408 611 1420 630 ,
1445 581 1623 626 civitati
1646 580 1692 629 td

20 650 130 704 utile
152 645 247 712 effic
263 679 275 698 ,
288 642 384 708 siin
397 661 440 690 eo
455 660 537 690 uno
552 648 681 690 omnis
692 643 1014 707 potcstasforet.
1053 643 1225 710 ‚Quare
1239 641 1285 704 fi
1303 644 1518 706 justitiam.
1535 676 1546 694 ‚
1572 644 1689 707 quod

20 715 142 764 modo
157 712 275 776 facis
292 742 304 762 ‚
326 709 513 756 omnibus
528 709 794 774 infuturum
804 713 923 757 nulla
937 708 1293 771 hominumfac‘ia
1305 708 1590 771 compositione
1613 707 1696 770 dis-

19 778 212 833 tribuess
235 777 445 823 dominari
474 787 518 821 te
540 805 553 823 2
576 773 634 830 &⁴
664 775 742 820 tibi
770 775 971 824 conducet
1001 773 1177 828 &orbi.
1216 775 1561 823 Benevolentiam
1589 779 1700 821 enim

21 847 211 897 omnium
233 840 360 892 ,habes
377 873 390 893 ‚
415 853 469 893 ut
492 841 620 890 deum
635 853 680 886 te
695 838 751 895 &n
765 841 946 887 adorent
960 871 972 890 ‚
1005 839 1062 894 &²
1075 843 1264 888 credant·
1301 841 1410 901 Ejus
1425 839 1699 888 sententiam

26 907 202 961 secutus
217 904 360 953 Caesar
375 907 686 968 principatum
705 901 871 951 tenuit.
912 906 1101 950 Audivit
1120 907 1143 951 a
1159 907 1344 951 Scirone
1361 919 1583 970 praecepta
1598 907 1706 968 Epi-

24 974 151 1026 curi:
180 974 309 1035 cujus
322 971 539 1017 doctrinae
555 970 730 1018 socium
745 970 906 1017 habuit
921 971 1129 1022 Varium.
1167 971 1322 1032 Qam
1332 972 1394 1016 vis
1418 971 1707 1023 diversorum

23 1037 407 1101 Philosophorum
433 1038 675 1099 opiniones
704 1035 831 1082 libris
855 1035 943 1082 suis
963 1035 1192 1083 inseruiffe
1226 1037 1281 1082 de
1308 1037 1467 1084 animo
1497 1039 1704 1084 maxime

24 1090 255 1157 -itideatur,
283 1102 375 1165 ipse
399 1113 556 1148 tamen
583 1102 672 1149 fuit
688 1101 986 1148 Academicus
1003 1120 1016 1145 .·
1048 1118 1154 1148 nam
1171 1102 1368 1150 Platonis
1381 1101 1625 1151 sententias
1651 1120 1707 1148 o-

24 1171 212 1218 mnibus
230 1169 324 1216 aliis
337 1168 552 1231 praetulit.

90 1237 232 1282 Nunc
245 1235 468 1298 quoniam
487 1234 542 1279 de
558 1234 740 1279 auctore
753 1229 1020 1280 summatim
1041 1234 1247 1283 diximus
1262 1267 1275 1286 ‚
1300 1234 1356 1280 de
1374 1232 1577 1295 ipsojam
1605 1251 1706 1283 car-

24 1301 150 1350 mine
175 1300 422 1347 dicendum
455 1300 662 1354 videtur3
693 1299 819 1362 quod
836 1299 1048 1346 bifariam
1072 1300 1252 1346 tractari
1276 1298 1414 1351 solet,
1437 1301 1526 1346 hoc
1543 1302 1628 1354 est,
1660 1305 1707 1350 δε

27 1377 129 1423 ante
141 1382 256 1429 opus
271 1397 283 1415 ‚
295 1364 513 1427 &inipso
528 1381 678 1427 opere.
720 1366 840 1412 Ante
854 1381 968 1427 opus
985 1398 997 1418 ,
1014 1365 1173 1411 titulus
1192 1399 1204 1418 ,
1219 1364 1360 1414 causa,
1379 1367 1592 1413 intentio.
1631 1368 1713 1414 Ti-

26 1433 149 1482 tulus
163 1461 176 1484 ,
196 1434 243 1478 in
258 1447 355 1494 quo
368 1432 590 1494 quaeritur
604 1464 616 1482 ,
634 1430 705 1490 cuj
715 1446 761 1475 us
777 1430 844 1476 fit.
895 1431 1040 1478 Causa
1055 1464 1067 1482 ,
1083 1432 1205 1480 unde
1223 1444 1380 1477 ortum
1397 1432 1451 1478 s1t
1465 1465 1477 1485 ‚
1507 1438 1549 1482 &
1566 1449 1709 1497 quare

23 1497 120 1553 hoc
135 1498 421 1561 potissimum
437 1498 518 1544 fibi
534 1494 884 1542 adscribendum
900 1500 1030 1559 poeta
1045 1496 1365 1559 praesumserit.
1402 1500 1607 1545 Intentio
1622 1531 1634 1551 ,
1659 1500 1708 1546 in

30 1578 120 1627 qua
145 1561 436 1627 cognoscitur
455 1594 467 1612 ‚
489 1562 602 1626 quid
629 1560 808 1608 efficere
829 1575 1022 1609 conetur
1046 1566 1193 1626 poeta.
1241 1564 1293 1609 In
1320 1562 1417 1624 ipso
1443 1579 1578 1625 opere
1605 1563 1709 1615 sane

24 1631 119 1678 ‚tria
132 1628 390 1692 spectantur
406 1649 419 1684 3
434 1644 651 1674 numerus
667 1659 677 1677 ,
694 1628 807 1673 ordo
827 1661 838 1680 ,
851 1630 1123 1691 explanatio.
1161 1630 1316 1691 Qam
1325 1630 1388 1674 vis
1402 1629 1546 1692 igitur
1563 1630 1711 1679 multa

29 1687 348 1757 ψώδδκαφῇ,
374 1695 422 1740 id
448 1695 536 1748 est,
563 1692 666 1740 falsa
691 1693 1015 1756 inscriptione,
1041 1692 1121 1744 sub
1135 1694 1281 1741 alieno
1295 1698 1486 1741 nomine
1501 1695 1589 1742 fint
1603 1711 1709 1758 pro-

19 1755 112 1815 lata
127 1790 140 1809 ,
155 1760 208 1803 ut
220 1758 439 1821 Thyestes
451 1761 675 1824 tragoedia
690 1758 824 1820 hujus
840 1762 983 1821 poetae
999 1794 1010 1812 ‚
1023 1776 1164 1823 quarn
1182 1761 1345 1806 Varius
1358 1760 1503 1808 edidit
1517 1777 1603 1825 pro
1617 1762 1708 1815 sua,

25 1823 172 1870 &alia
193 1821 510 1882 hujuscemodi
528 1847 541 1882 5
570 1837 727 1872 tamen
744 1826 952 1872 Bucolica
975 1826 1153 1888 liquido
1169 1827 1355 1889 Virgilii
1382 1825 1469 1874 effe
1498 1830 1702 1876 minime

22 1887 327 1942 dubitandum
340 1892 404 1938 est
417 1908 431 1940 s
458 1890 708 1953 praesertim
725 1891 941 1954 cumipse
954 1896 1090 1955 poeta
1102 1924 1115 1947 ,
1134 1903 1356 1955 tanquam
1370 1892 1460 1939 hoc
1477 1906 1707 1949 metuens,

26 1953 305 2017 principium
325 1955 463 2018 hujus
488 1957 637 2018 operis
664 1958 772 2004 &in
788 1959 1021 2021 principio
1036 1957 1253 2005 AEneidos
1267 1959 1375 2005 &in
1389 1959 1479 2006 alio
1495 1963 1702 2015 carmine

29 2017 161 2071 suum
176 2020 261 2068 effe
273 2022 456 2068 testatus
469 2021 522 2069 fit
534 2056 545 2075 ‚
561 2023 741 2068 dicens:

42 2080 44 2082 ¹
158 2088 235 2133 Ille
262 2104 359 2149 ego,
389 2091 466 2151 qui
489 2088 706 2151 quondam
722 2088 876 2150 gracili
899 2089 1151 2141 modulatu-s
1178 2105 1339 2143 avena,

30 2147 170 2201 &reli
208 2154 388 2205 uazEt,

164 2166 374 2265 garmina
398 2220 476 2280 qui
501 2217 585 2280 lusi
600 2218 848 2282 pastorum,
877 2220 1121 2283 audaxque
1139 2225 1354 2285 juventa,

166 2284 336 2344 Tityre,
361 2294 407 2329 te
431 2283 591 2345 patula
618 2287 741 2330 cecini
757 2284 843 2344 sub
863 2288 1044 2346 tegmine
1060 2285 1177 2349 fagi.

33 2341 246 2400 Bucolica
271 2357 423 2392 autem
437 2346 482 2393 δε
498 2347 589 2395 dici
606 2380 617 2398 ,
644 2351 688 2394 ὃς
704 2349 824 2395 recte
839 2347 1082 2412 appellari,
1111 2352 1180 2397 vel
1195 2351 1286 2399 hoc
1312 2351 1459 2400 solum
1479 2351 1709 2405 indicium

36 2406 259 2457 suffecerit
277 2442 290 2460 ,
311 2411 437 2474 quod
464 2412 554 2458 hoc
568 2412 730 2458 eodem
747 2416 937 2459 nomine
963 2416 1083 2476 apud
1099 2417 1403 2465 Theocritum
1422 2419 1703 2466 censeantur.

32 2473 207 2520 Verum
220 2477 337 2523 ratio
350 2492 540 2540 quoque
563 2478 912 2530 demonstranda
925 2481 1002 2525 est,
1041 2482 1151 2530 Tria
1163 2481 1267 2528 sunt
1280 2485 1510 2543 pastorum
1528 2499 1712 2546 genera,

28 2552 133 2602 quae
159 2540 433 2603 dignitatem
460 2543 511 2587 in
541 2544 762 2589 Bucolicis
792 2543 989 2592 habent:
1027 2561 1230 2607 quorum
1262 2550 1343 2610 qui
1372 2550 1564 2595 minimi
1593 2549 1716 2603 sunt,

37 2599 206 2651 neviana
221 2606 438 2654 dicuntur
451 2605 476 2653 ὲ
490 2609 660 2654 Graecis
678 2631 692 2665 3
709 2609 849 2655 iidem
868 2607 892 2657 ἐι
909 2609 1041 2656 nobis
1055 2615 1267 2673 caprarii:
1294 2615 1430 2675 paulo
1444 2614 1718 2668 honoratio-

34 2680 132 2719 κε,
157 2672 238 2731 qui
253 2667 460 2733 ποιμῆἐες,
488 2673 534 2720 id
552 2675 640 2726 cst,
668 2675 859 2736 opiliones
888 2676 1133 2722 dicuntur:
1166 2678 1492 2728 honestissimi,
1514 2683 1725 2730 &maxi-

34 2733 132 2784 mi,
157 2737 364 2792 βεκᾷλος,
393 2753 508 2800 quos
529 2738 727 2786 bubulcos
744 2740 954 2787 dicimus.
992 2742 1127 2788 Unde
1145 2743 1448 2809 igiturmagis
1461 2746 1620 2796 debuit
1646 2763 1724 2810 pa-

37 2798 185 2844 storali
201 2804 396 2849 carmini
412 2819 585 2850 nomen
599 2806 777 2865 imponi
797 2838 810 2858 ‚
841 2822 982 2869 quam
1000 2807 1055 2853 ab
1069 2824 1124 2854 eo
1138 2810 1278 2870 gradu
1294 2812 1377 2874 qui
1393 2812 1509 2873 apud
1525 2814 1724 2874 pastores

41 2862 441 2914 excellentissimus
455 2870 689 2925 invenitur
706 2873 721 2914 ?
736 2870 1124 2934 causa‘dupliciter
1139 2874 1302 2937 inspici
1316 2876 1428 2924 solet
1445 2894 1454 2922 2
1474 2877 1529 2924 ab
1544 2879 1725 2941 origine

37 2928 272 2983 carminis,
286 2935 329 2979 δε
342 2931 368 2983 ἐι
383 2935 616 2983 voluntate
633 2934 878 2983 scribentis.
904 2939 1152 3000 Originem
1170 2953 1322 2987 autem
1340 2942 1542 2994 Bucolici
1560 2946 1726 2991 carmi·

41 2993 112 3040 nis
128 2993 204 3041 alii
230 2996 292 3042 ob
316 2997 454 3047 aliam
482 3000 661 3053 causam
692 3001 858 3050 ferunt.
900 3006 1015 3049 Sunt
1031 3005 1155 3055 enim
1175 3039 1187 3057 ,
1216 3009 1298 3070 qui
1321 3009 1344 3054 a
1362 3009 1725 3056 Lacedaemoniis

44 3060 296 3123 pastoribus
309 3064 466 3112 Dianae
493 3068 702 3129 primum
733 3083 917 3114 carmen
949 3068 1039 3115 hoc
1067 3070 1294 3119 redditum
1316 3073 1496 3127 dicant,
1531 3091 1639 3121 cum
1665 3078 1727 3122 ei-

42 3123 150 3174 dem
167 3125 272 3174 Deae
284 3158 297 3179 ‚
310 3143 494 3194 propter
512 3132 688 3189 bellum
703 3167 716 3188 ,
731 3134 854 3198 quod
873 3136 959 3187 toti
976 3137 1166 3189 Graeciae
1179 3137 1260 3189 illo
1272 3150 1484 3205 tempore
1499 3140 1638 3187 Persae
1653 3142 1727 3187 iu-

885 3202 908 3232 *
929 3203 952 3230 *
987 3215 1020 3261 4
1508 3207 1733 3266 ferebant,
