2008 3654
764 139 1524 208 P.v1RG1211
1816 135 1819 139 ’
2006 154 2008 237 1

307 223 712 287 omnium-judicio
727 223 851 286 spem
877 226 1182 287 portendebat*
1201 227 1381 274 virtutis
1396 235 1439 279 ὃς
1455 232 1695 282 celeritatis
1718 235 1979 296 immensae.
2006 259 2008 294 l

312 296 450 340 Hunc
475 306 582 338 cum
598 286 857 352 adspexiffet
874 293 1003 336 Maro
1016 321 1029 339 ‚
1060 290 1274 351 magistro
1287 293 1446 342 stabuli
1461 299 1582 344 dixit
1599 329 1612 348 ‚
1633 313 1792 349 natum
1810 307 1897 352 effe
1920 322 1982 356 ex
2007 323 2008 362 l

309 356 527 404 morbosa
553 370 665 417 equa
681 387 693 406 ‚
722 357 765 402 &
782 370 863 400 nec
879 356 1048 401 viribus
1062 356 1310 402 valiturum
1327 391 1340 411 ‚
1370 377 1455 407 nec
1469 364 1717 413 celeritate:
1750 369 1888 433 idque
1898 387 1980 418 ve·
2007 363 2008 380 ¹

309 438 416 469 rum
431 421 558 468 fuiss'e
573 423 812 466 inventum
840 421 917 466 est.
961 420 1095 477 Quod
1121 435 1227 465 curn
1245 425 1456 487 magister
1468 429 1626 477 stabuli
1644 435 1982 496 Augustei-eci·

309 488 439 534 taffet
453 520 469 540 ,
482 486 701 548 duplicari
717 485 797 546 ipfi
813 486 858 530 in
874 487 1130 531 mercedem
1148 501 1280 545 panes
1289 489 1428 549 jusfit.
1477 495 1600 541 Cum
1615 497 1727 543 item
1744 514 1801 545 ex
1819 498 1985 563 Hispa-

308 556 387 599 nia
402 552 604 613 Augusto
618 566 748 596 canes
758 550 881 595 dono
896 552 1188 596 mitterentur
1202 570 1215 605 3
1242 554 1285 598 &
1301 568 1502 615 parentes
1515 576 1676 607 eorum
1694 563 1813 609 dixit
1825 567 1983 627 Virgi-

307 619 396 664 lius
412 651 425 670 ‚
453 621 498 664 ὃς
521 617 730 662 animum
758 616 1128 676 celeritatemque
1153 616 1374 664 futuram.
1408 623 1518 680 Quo
1544 627 1734 688 cognito
1745 658 1759 676 ‚
1789 631 1980 679 mandat

309 684 477 729 iterum
508 680 706 743 Virgilio
734 694 866 741 panes
893 679 1131 742 duplicari.
1170 682 1407 731 Dubitavit
1432 692 1658 752 Augustus
1673 723 1686 743 ‚
1713 693 1978 742 Octavii-ne

312 749 432 794 filius
445 747 551 792 esset
565 778 578 798 ,
606 762 660 791 an
677 744 883 790 alterius:
908 744 1045 807 idque
1061 747 1303 794 Maronem
1319 753 1489 811 aperire
1505 756 1624 815 pofl'e
1638 757 1879 806 arbitratus
1904 762 1985 814 est,

310 815 422 875 quia
447 827 609 857 canum
629 813 672 856 &
686 811 792 872 equi
821 820 1026 855 naturam
1054 811 1345 875 parentesque
1371 820 1605 881 cognorat.
1643 824 1826 870 Amotis
1841 825 1986 887 igitur

312 877 530 924 omnibus
553 876 730 921 arbitris
749 907 760 925 ‚
786 874 914 920 illum
949 876 997 919 in
1014 876 1286 937 penitiorem
1302 893 1476 940 partem
1493 885 1658 932 domus
1675 901 1806 936 vocat
1819 922 1832 941 ,
1856 890 1986 937 &so-

311 944 413 989 lum
440 952 572 1003 rogat
584 970 598 988 ‚
626 956 682 986 an
699 939 804 984 sciat
816 938 1024 1001 quisnam
1041 939 1148 986 effet
1160 972 1172 988 ,
1185 945 1229 988 ὃς
1242 959 1379 1006 quam
1397 948 1448 993 ad
1463 947 1744 998 felicitandos
1760 953 1977 1002 homines

313 1006 578 1054 facultatem
597 1005 790 1050 haberet.
817 1008 950 1051 Novi,
966 1006 1115 1067 inquit
1131 1008 1278 1060 Mam,
1293 1023 1336 1055 te
1351 1043 1363 1063 ‚
1388 1012 1526 1072 Caefizr
1540 1018 1735 1078 Auguste
1750 1052 1761 1070 ,
1777 1017 1834 1073 όν·
1837 1018 1986 1082 ferme

316 1088 481 1136 aquam
496 1087 592 1116 cum
606 1069 669 1114 dis
688 1070 1000 1116 immortalibm
1012 1071 1260 1132 potestatem
1271 1075 1425 1123 habere
1441 1110 1453 1130 ,
1466 1092 1520 1125 ut
1535 1112 1548 1132 ,
1564 1097 1693 1142 quem
1706 1084 1776 1128 vic
1791 1116 1802 1134 ,
1808 1085 1984 1146 felicem

309 1136 467 1201 facias.
504 1142 561 1180 Eo
576 1133 817 1194 animosum
834 1166 846 1185 ,
858 1134 1087 1196 respondit
1103 1135 1249 1182 Caesar
1264 1171 1276 1190 ,
1291 1154 1345 1186 ut
1359 1172 1371 1189 ‚
1375 1140 1424 1203 fi
1433 1161 1589 1192 verum
1595 1157 1676 1208 pro
1687 1161 1843 1208 rogatu
1855 1149 1984 1196 dixe-

314 1218 377 1248 ru
393 1235 404 1254 ,
418 1201 593 1246 beatum
607 1211 649 1245 te
654 1199 912 1262 felicemque
925 1201 1114 1246 reddam.
1147 1205 1325 1251 Utinam
1335 1237 1348 1253 ‚
1362 1208 1424 1253 ait
1438 1210 1568 1255 Maro
1581 1243 1594 1262 ,
1607 1216 1889 1274 interroganti
1902 1213 1985 1261 tibi

311 1283 425 1312 vera
436 1266 571 1311 dicere
582 1279 739 1325 queam
753 1269 769 1309 .’
799 1267 934 1310 Tunc
951 1267 1175 1328 Augustus
1191 1285 1202 1313 2
1220 1274 1385 1318 Putant
1400 1274 1485 1319 ‘alii
1510 1292 1578 1321 me
1597 1291 1754 1323 natum
1768 1280 1952 1326 octavio
1966 1295 1985 1325 ε

313 1331 492 1394 quidam
499 1329 788 1389 suspicantur,
801 1329 882 1375 alio
895 1347 961 1375 me
965 1334 1162 1391 genitum
1173 1337 1283 1380 viro.
1323 1338 1452 1383 Maro
1465 1337 1696 1388 subridens
1710 1374 1723 1395 ,
1736 1343 1874 1390 Facile
1885 1376 1899 1397 ,
1915 1344 1989 1391 in·

315 1396 419 1455 quit
437 1427 448 1446 ,
461 1394 506 1455 si
516 1397 684 1454 impune
699 1395 954 1457 licenterque
971 1411 1055 1456 que
1058 1397 1194 1456 sentio
1209 1398 1325 1462 loqui
1335 1402 1466 1463 jubes
1481 1436 1494 1456 ,
1510 1406 1555 1451 id
1577 1407 1734 1454 dicam.
1769 1407 1988 1456 Affirmat

313 1460 460 1505 Caeiar
481 1460 776 1519 jurejurando
792 1491 803 1510 ‚
828 1460 1012 1505 nullum
1029 1462 1064 1522 ej
1074 1478 1120 1507 us
1134 1463 1312 1510 dictum
1329 1483 1446 1530 aegre
1459 1468 1659 1517 laturum
1677 1504 1695 1525 ,
1719 1475 1871 1520 immo
1886 1489 1987 1524 non

314 1525 398 1571 nifi
415 1525 636 1570 donatum
655 1525 709 1569 ab
723 1541 779 1570 eo
795 1523 1104 1572 discessurum.
1142 1530 1208 1574 Ad
1226 1530 1322 1575 haec
1347 1533 1506 1581 oculos
1529 1537 1674 1583 oculis
1690 1539 1892 1602 Augusti-⁴
1907 1540 1986 1586 in-

315 1586 459 1654 figens
483 1592 612 1635 Maro
627 1619 640 1636 2
672 1590 853 1636 Facilim
868 1624 880 1642 ‚
908 1593 970 1636 ait
982 1622 994 1638 2
1021 1595 1063 1637 in
1076 1595 1225 1639 ceteris
1238 1598 1491 1646 animalibus
1504 1601 1741 1663 qualitates
1750 1613 1988 1665 parentum

315 1653 351 1701 αὶ
377 1654 692 1701 mathematicis
721 1652 777 1709 (ἐν
790 1653 1035 1717 philofhphis
1049 1658 1225 1719 cognosci
1244 1658 1442 1723 pofficnt3
1465 1666 1509 1711 in
1522 1665 1685 1721 homine
1707 1683 2001 1733 nequaquam

308 1720 486 1782 poffibile
511 1720 564 1781 est
577 1736 590 1761 .·
599 1719 677 1780 sed
688 1720 739 1765 de
754 1731 798 1766 te
810 1723 1096 1783 conjeHuram
1110 1722 1238 1770 habeo
1239 1722 1426 1787 similem
1439 1732 1538 1777 veri
1551 1762 1565 1779 ,
1591 1743 1646 1778 ut
1658 1733 1766 1795 quid
1779 1750 1988 1783 exercue-

317 1789 379 1831 rit
401 1797 528 1847 pater
545 1797 650 1830 tuus
665 1818 677 1836 ‚
696 1783 805 1843 fiire
828 1787 976 1846 poffim.
1018 1790 1202 1834 Attente
1218 1789 1501 1851 exspectabat
1515 1798 1744 1859 Augustus
1754 1798 1981 1862 quidnam

313 1849 501 1895 diceret.
548 1853 607 1894 At
623 1848 725 1894 ille:
751 1863 967 1911 quantum
981 1869 1050 1912 ego
1062 1868 1152 1899 rem
1166 1856 1395 1918 intelltgere
1410 1857 1577 1920 poffltm
1591 1893 1603 1912 ,
1621 1861 1912 1926 pistoricfilius
1926 1881 1989 1916 es,

315 1916 485 1978 inquit.
535 1915 845 1976 Obstupuerat
869 1915 1014 1963 Caesar
1027 1948 1041 1966 ‚
1078 1921 1121 1964 &
1136 1918 1284 1966 statim
1312 1937 1407 1984 quo
1432 1924 1476 1969 id
1491 1925 1625 1986 pasto
1652 1927 1749 1974 fieri
1764 1930 1990 1992 potuerit»

315 1982 476 2026 animo
490 1979 711 2025 volvebat.
747 1984 1087 2042 Interrumpens
1101 1985 1341 2046 Virgilius:
1373 1989 1496 2036 Audi
1509 2024 1523 2043 ,
1549 1992 1706 2055 inquit
1721 2024 1736 2043 ‚
1759 2009 1844 2056 quo
1861 1995 1989 2056 pasto

316 2046 363 2093 id
388 2047 554 2109 conjicio
565 2062 580 2089 .·
617 2050 734 2092 Cum
746 2046 940 2107 quadam
953 2047 1210 2095 enuncidrim
1217 2052 1575 2117 predixerimque
1589 2089 1602 2108 ‚
1615 2072 1706 2120 qua
1719 2061 1894 2120 intelligi
1909 2057 2002 2120 sci*

315 2112 441 2173 rique
467 2127 545 2156 nen
567 2108 646 2171 m'fi
664 2110 720 2155 ab
734 2112 1014 2171 eruditqffimis
1027 2112 1284 2177 summisque
1295 2118 1405 2164 viris
1415 2118 1640 2182 potutffint
1651 2139 1665 2166 .·
1692 2135 1749 2170 tu
1764 2155 1777 2175 ,
1797 2128 1989 2186 princeps

317 2174 426 2222 orbis
444 2178 573 2230 ,item
589 2173 646 2230 ό·
658 2177 764 2222 item
774 2185 906 2237 panes
922 2179 964 2223 in
978 2180 1208 2226 mercedem
1221 2183 1477 2246 darijuffisti
1488 2202 1502 2228 .·
1518 2187 1633 2249 quod
1642 2188 1818 2251 quidem
1827 2201 1911 2236 aut
1918 2191 2004 2251 ρι’--

304 2240 436 2303 stvris
447 2253 531 2288 aut
542 2243 635 2286 nati
643 2239 792 2302 pistore
804 2241 987 2303 officium
998 2255 1109 2289 erat.
1144 2244 1322 2292 Placuit
1338 2248 1503 2295 Caesari
1518 2250 1691 2298 facetia.
1704 2258 1777 2300 At
1785 2253 2005 2316 deinxeps„

318 2306 469 2367 inquit
483 2302 643 2356 Caesar,
655 2320 734 2351 non
747 2304 781 2352 ὰ
791 2305 1037 2368 pfiore,fid
1050 2307 1083 2355 ὰ
1098 2324 1192 2370 rege
1204 2315 1469 2373 magnanimo
1482 2314 1714 2380 donaferes
1728 2334 1743 2361 .-
1760 2317 2004 2381 illumque

314 2369 506 2432 plurimi
519 2370 644 2422 fec-it,
661 2372 705 2416 &
722 2370 922 2418 Pollioni
937 2375 1507 2441 commendavit.Corp01-e
1520 2384 1563 2429 &
1578 2383 1741 2430 statura
1752 2381 1843 2430 fuit
1855 2396 2004 2446 gran-v

317 2436 366 2482 di
382 2467 397 2489 ,
419 2435 626 2499 aquilino
640 2434 796 2481 colore
810 2468 824 2488 ,
834 2435 949 2484 facie
960 2438 1180 2486 rusticana
1195 2473 1208 2493 ,
1221 2441 1483 2491 valetudine
1496 2449 1629 2493 varia.
1660 2462 1771 2494 nam
1787 2449 2006 2510 piletum--

317 2516 410 2563 que
431 2503 489 2548 ab
505 2500 742 2546 stomacho
757 2500 1024 2548 &faucibus
1037 2518 1087 2549 ac
1099 2503 1257 2552 dolore
1270 2508 1430 2570 capitis
1443 2507 1670 2557 laborabat
1681 2529 1697 2557 ι
1716 2509 2006 2574 ἷααςιιίαιεπιιΔ

317 2567 456 2613 etiam
484 2564 642 2628 saepius
655 2565 814 2627 ejecit:
843 2567 936 2612 cibi
953 2568 1140 2630 vinique
1156 2572 1364 2619 minimi.
1398 2574 1534 2621 Fama
1554 2576 1615 2622 est
1631 2609 1644 2629 ,
1657 2593 1769 2634 eum
1783 2576 2008 2633 libid-inis·

317 2633 547 2694 pronioris
562 2633 610 2676 in
625 2642 787 2693 puero's
801 2630 956 2677 fuiffe.
1004 2634 1090 2680 Sed
1107 2633 1216 2683 boni
1242 2638 1304 2684 ita
1319 2653 1428 2684 eum
1445 2655 1606 2701 pueros
1621 2641 1786 2690 amiifl‘e
1798 2654 2008 2706 pistave-'-

318 2708 430 2742 runt
445 2729 458 2749 ,
483 2709 533 2742 ut
560 2699 763 2742 Socrates
791 2695 1073 2744 Alcibiadem
1094 2732 1107 2751 ‚
1132 2701 1321 2750 &Plato
1348 2701 1449 2750 suos
1463 2720 1638 2766 pueros.
1673 2712 1851 2765 Verum·
1866 2711 2008 2762 inter·

319 2761 498 2806 omneis
513 2763 719 2808 maxime
732 2761 894 2808 diiexit
908 2762 1129 2810 Cebetem
1144 2769 1188 2814 &
1206 2767 1886 2835 Alexandrumquemsecunda
1899 2776 2008 2824 Bu-

317 2825 577 2872 colicorum
603 2827 760 2891 ecloga
773 2827 939 2875 Alexin
952 2828 1146 2891 appellat
1162 2847 1171 2875 ε
1202 2833 1422 2880 donatum
1441 2834 1521 2882 fibi
1534 2838 1589 2884 ab
1603 2836 1759 2895 Afinio
1771 2838 1995 2891 Ponione.

320 2893 586 2953 Utrumque
613 2907 706 2937 non
733 2893 1016 2941 ineruditum
1044 2894 1217 2944 dimisit
1233 2915 1244 2944 ι
1279 2897 1590 2951 Alexandrum
1614 2906 1994 2966 grammaticum,

320 2957 542 3002 Cebetem
558 2971 666 3002 vero
682 2959 725 3004 δε
738 2961 936 3019 poetam.
979 2959 1226 3024 vulgatum
1243 2964 1305 3010 est
1320 2964 1334 3016 ’,
1349 2964 1626 3014 consueviffe
1638 2985 1747 3018 eum
1760 2985 1871 3017 cum
1887 2970 2008 3017 Plo-=

320 3023 567 3067 tia³Hieria
605 3022 690 3067 Sed
706 3021 924 3079 Asconius
938 3025 1158 3073 Pedianus
1174 3027 1387 3083 affirmat,
1402 3029 1546 3092 ipsum
1564 3035 1716 3095 postea
1727 3032 1992 3092 minoribus

321 3099 430 3135 natu
459 3101 635 3137 narrare
656 3085 846 3136 solitum
862 3119 877 3140 2
908 3092 1214 3142 &invitatum
1229 3095 1419 3158 quidem
1435 3095 1479 3146 se
1495 3095 1521 3147 εὶ
1535 3099 1673 3150 Vario
1694 3100 1750 3150 ad
1774 3115 1999 3155 commu-,-

1790 3166 1990 3229 nionem
