2008 3654
0 0 113 30 U?²“

562 155 1111 223 >VITA

25 251 197 303 v'exilem
214 283 228 303 ,
254 249 327 300 sed
349 245 677 298 communibus
701 245 847 292 verbis
873 260 988 307 opus
1012 244 1125 291 illud
1153 244 1414 293 confecisse.
1453 250 1711 301 Herennius

23 321 148 368 lvitia
170 320 262 378 ejus
288 327 466 364 tantum
496 312 727 358 contraxit
745 343 758 363 ,
788 311 976 356 Petilius
1002 311 1232 357 Faustinus
1257 310 1392 358 furta.
1431 315 1548 362 Sunt
1573 318 1619 363 Sc
1644 320 1708 376 Q.

30 385 216 432 Octavii
244 383 364 429 Aviti
390 379 626 426 volumina
645 410 656 428 ,
681 375 848 438 quibus
875 387 1181 428 annotantur,
1208 392 1323 440 quos
1341 381 1386 426 &
1412 380 1533 425 unde
1558 382 1710 430 versus

32 449 317 498 transtulerit.
377 444 591 490 Asconius
622 444 842 490 Pedianus
870 442 990 487 libro
1018 458 1160 504 quem
1189 454 1349 489 contra
1384 444 1711 495 obtredtatores

33 515 220 578 Virgilii
248 510 444 573 scripsit,
473 524 612 571 pauca
636 508 887 554 admodum
904 510 944 553 ei
960 507 1138 568 objeeta
1153 511 1302 570 ponit.
1341 511 1384 555 ὃς
1404 509 1712 571 potiffimum,

33 580 157 645 quod
186 594 277 624 non
302 577 420 622 redte
437 575 673 620 historiam
701 574 946 620 contexuit
959 606 972 623 ‚
1000 576 1044 619 δε
1060 574 1185 635 quod
1203 573 1416 637 pleraque
1430 576 1485 622 ab
1504 577 1711 623 Homero

30 643 206 694 sumsit.
244 642 325 688 Sed
342 641 429 687 hoc
444 641 622 686 crimen
637 639 694 686 fic
707 639 946 685 defendere
961 639 1181 685 assuetum
1198 640 1259 686 ait
1277 656 1287 685 :
1319 647 1414 686 Cur
1424 657 1503 687 non
1523 644 1583 689 illi
1597 658 1706 704 quo-

30 725 117 775 que
143 709 289 755 eadem
293 706 437 770 furta
451 717 670 751 tentarent
691 714 708 750 ἒ
749 711 902 751 Verum
920 706 1206 752 intellec‘z‘uros
1220 736 1233 753 ‚
1245 704 1424 769 facilius
1442 704 1517 766 effe
1535 705 1714 754 Herculi

28 775 205 825 clavam
217 804 230 822 ‚
246 772 388 835 quam
403 780 586 818 Homero
598 770 773 831 versum
778 770 997 832 surripere
1009 788 1022 814 .·
1057 770 1113 825 (9²
1128 784 1274 817 tamen
1286 770 1497 832 destinaffe
1501 771 1709 832 secedere,

24 851 84 889 m*
97 841 236 886 omnia
262 840 321 884 ad
335 838 595 899 satietatem
621 837 932 882 malevolorum
959 837 1181 883 decideret.
1220 836 1381 882 Refert
1404 839 1540 883 etiam
1559 838 1715 886 Pedia-

25 920 112 952 nus
129 937 141 955 ‚
153 904 409 967 benignum
426 936 440 956 ‚
455 903 775 964 cultoremque
789 903 1004 947 omnium
1022 901 1252 948 bonorum
1268 915 1404 964 atque
1419 903 1714 953 eruditorum

27 968 161 1018 fuiss'e
176 1002 188 1022 ‚
215 975 258 1018 ὃς
275 967 415 1031 usque
439 969 552 1014 adeo
580 968 766 1014 invidiae
782 979 1015 1028 expertem
1037 1000 1049 1019 ,
1076 980 1127 1013 ut
1154 967 1185 1013 fi
1210 968 1321 1031 quid
1338 968 1516 1015 erudite
1532 968 1714 1017 distum

25 1035 266 1097 inspiceret
280 1036 480 1085 alterius,
494 1051 586 1079 non
605 1035 756 1079 minus
772 1034 1002 1096 gauderet,
1018 1047 1065 1078 ac
1081 1033 1111 1078 si
1127 1032 1258 1080 suum
1279 1034 1450 1080 fuisset:
1471 1036 1715 1083 neminem

24 1102 306 1162 vituperare,
332 1100 510 1146 laudare
538 1099 708 1145 bonos:
736 1115 785 1144 ca
814 1099 1102 1146 humanitate
1127 1101 1212 1145 effe
1230 1133 1241 1151 ,
1272 1114 1350 1154 ut,
1383 1100 1463 1146 nifi
1479 1099 1715 1162 perversus

25 1168 235 1214 maxime
249 1201 261 1218 ‚
277 1165 469 1230 quisque
484 1165 615 1211 illum
634 1181 728 1211 non
748 1163 957 1227 diligeret
975 1165 1219 1214 modo,sed
1234 1177 1420 1212 amaret.
1459 1167 1594 1212 Nihil
1609 1182 1716 1228 pro-

26 1234 113 1296 prii
141 1231 304 1278 habere
331 1231 580 1278 videbatur.
618 1233 721 1291 Ejus
737 1230 1016 1277 bibliotheca
1031 1247 1124 1277 non
1144 1232 1296 1278 minus
1310 1231 1409 1278 aliis
1435 1231 1578 1278 docTtis
1594 1244 1717 1286 pate-

25 1297 129 1350 bat,
143 1313 193 1343 ac
208 1296 316 1343 fibi:
345 1299 550 1360 ili-‚idque
565 1298 791 1357 Euripidis
805 1299 1049 1360 antiquum
1068 1296 1178 1357 {arpe
1194 1296 1433 1360 usurpabat
1448 1330 1460 1350 ‚
1486 1299 1540 1343 πὶ
1570 1299 1609 1348 ἴ
1642 1305 1718 1361 φί-

25 1376 109 1415 λων
135 1367 273 1421 afflarat),
303 1364 393 1409 hoc
417 1366 479 1409 est
495 1398 506 1415 ,
539 1366 776 1408 communia
803 1367 1039 1410 amicorum
1065 1363 1138 1423 effe
1163 1367 1314 1409 omnia.
1354 1364 1511 1426 Qare
1541 1380 1719 1412 cuaevos

24 1433 207 1478 omneis
222 1431 376 1492 po'e'tas
395 1430 457 1476 ita
471 1429 539 1490 adj
550 1430 708 1475 unetos
724 1429 885 1474 habuit
899 1462 911 1480 ,
932 1442 981 1474 ut
996 1446 1103 1476 cum
1124 1430 1242 1475 inter
1257 1429 1300 1475 se
1320 1428 1577 1490 plurimum
1594 1433 1717 1478 invi-

26 1495 102 1543 dia
117 1497 326 1542 arderent
342 1528 354 1547 ,
387 1495 519 1540 illum
549 1511 637 1540 una
651 1511 814 1541 omnes
828 1495 1032 1541 colerent
1049 1516 1061 1550 ;
1080 1496 1242 1541 Varius
1256 1528 1267 1546 ‚
1284 1498 1438 1540 Tucca
1453 1528 1465 1547 ‚
1486 1498 1719 1550 Horatius,

23 1562 184 1609 Gallus
205 1595 217 1613 ,
246 1562 518 1622 Propertius.
559 1560 699 1606 Anser
729 1576 840 1605 vero
856 1595 867 1614 ,
893 1564 1113 1623 quoniam
1133 1562 1323 1608 Antonii
1342 1561 1509 1622 parteis
1533 1559 1717 1610 secutus

23 1628 106 1681 est,
121 1627 252 1674 illum
271 1643 362 1673 non
377 1626 622 1673 observziss'e
637 1627 816 1672 dicitur.
852 1627 1135 1673 Cornificius
1150 1625 1211 1672 ob
1227 1626 1482 1688 perversam
1504 1639 1719 1677 naturam

25 1693 161 1740 illum
192 1709 284 1739 non
310 1693 433 1739 tulit.
476 1694 648 1738 Gloriae
679 1707 785 1738 vero
812 1693 924 1738 adeo
950 1703 1217 1739 contemtor
1242 1691 1357 1739 fuit:
1386 1708 1493 1738 cum
1526 1693 1720 1756 quidam

28 1759 182 1806 versus
197 1759 418 1822 quosdam
438 1758 517 1804 sibi
546 1757 871 1810 adscriberent,
901 1774 1045 1821 eaque
1063 1775 1109 1804 re
1137 1759 1259 1805 doffl
1273 1767 1275 1769 '
1290 1757 1565 1805 haberentur
1582 1792 1595 1812 ,
1621 1775 1721 1807 non

27 1825 174 1872 modo
190 1823 306 1888 aegre
321 1840 412 1870 non
427 1823 601 1870 ferebat
616 1856 628 1875 ,
641 1823 794 1870 immo
809 1824 1138 1887 voluptuosum
1157 1824 1200 1871 id
1218 1822 1284 1870 illi
1299 1837 1405 1872 erat.
1444 1827 1570 1871 Cum
1588 1827 1720 1875 enim

16 1889 255 1936 ·.distich0n
269 1921 282 1939 ‚
298 1891 424 1954 quod
443 1889 623 1936 laudem
642 1889 1006 1953 felicitatemque
1024 1892 1215 1952 Augusti
1231 1890 1513 1942 continebat,
1532 1890 1722 1945 fecisset,

31 1955 200 2019 valvisq
210 1973 264 2002 ue
281 1972 372 2002 non
391 1958 634 2003 nominato
649 1957 833 2001 audiore
845 1955 1053 2002 affixiss'et
1070 1990 1080 2009 ,
1104 1957 1167 2015 (id
1184 1968 1277 2003 erat
1291 1957 1549 2018 ejusmodi,

249 2024 383 2070 NoHe
409 2023 525 2085 pluit
550 2034 647 2067 tota
663 2055 674 2073 ‚
699 2022 880 2069 redeunt
896 2022 1144 2085 spellacula
1169 2038 1294 2069 mane
1312 2039 1326 2066 .-

394 2089 602 2148 Dz'vz'sum
630 2090 856 2149 imperium
885 2106 983 2135 cum
1002 2090 1129 2154 Jove
1157 2088 1298 2150 Cesar
1322 2088 1487 2150 habet.)

42 2151 123 2200 diu
136 2154 379 2216 quaeritans
397 2156 620 2215 Augustus
638 2186 646 2202 ,
662 2152 895 2214 cujusnam
915 2154 960 2200 hi
979 2154 1126 2200 versus
1139 2155 1293 2208 essent,
1305 2171 1466 2201 eorum
1486 2154 1723 2202 austorem

44 2233 142 2265 non
169 2219 444 2265 inveniebat.
481 2218 714 2279 Bathyllus
730 2235 838 2265 vero
855 2222 986 2280 po'e'ta
1011 2222 1204 2283 quidam
1236 2221 1481 2267 mediocris
1498 2254 1511 2272 ,
1528 2221 1726 2276 tacenti-

47 2283 128 2330 bus
154 2284 251 2329 aliis
266 2317 279 2336 ‚
306 2284 386 2329 fibi
404 2283 644 2343 adscripsit.
684 2285 1007 2346 Qamobrem
1026 2288 1218 2333 donatus
1233 2285 1574 2348 honoratusque
1589 2283 1612 2333 ὲ
1628 2289 1730 2333 Cae-

45 2347 140 2395 iare
151 2346 255 2394 fuit.
291 2349 432 2410 Qod
449 2365 580 2410 aequo
594 2349 753 2393 animo
770 2366 862 2395 non
878 2351 1028 2397 ferens
1042 2352 1280 2415 VirgiliuS,
1298 2352 1461 2399 iisdem
1483 2353 1619 2399 valvis
1633 2352 1729 2398 affi-

47 2416 120 2460 xit
146 2425 304 2476 quater
330 2413 419 2460 hoc
435 2415 713 2475 principium
735 2418 828 2459 :Sic
843 2432 920 2460 vos
938 2433 1016 2461 non
1032 2417 1169 2462 vobis.
1209 2417 1465 2464 Postulabat
1484 2420 1727 2480 Augustus,

43 2490 98 2524 ut
125 2479 171 2525 hi
201 2477 349 2525 versus
374 2479 745 2540 complerentur:
773 2479 895 2541 quod
912 2496 1019 2526 cum
1051 2481 1214 2529 frustra
1237 2482 1380 2545 aliqui
1395 2485 1549 2530 conati
1569 2483 1726 2536 effent,

44 2544 268 2609 Virgilius
284 2577 297 2597 ‚
312 2547 548 2608 praeposito
564 2544 758 2590 disticho
777 2577 788 2596 ,
800 2544 859 2590 fic
875 2544 1133 2607 subjunxit:

174 2619 264 2659 Hos
293 2627 363 2670 ego
390 2610 619 2672 versiculos
640 2610 758 2673 feci:
791 2610 899 2657 tulit
924 2612 1040 2659 alter
1067 2612 1237 2660 honores
1255 2629 1269 2657 .·

242 2680 321 2723 ,δίε
348 2694 424 2722 vos
455 2694 533 2723 non
562 2676 681 2722 vobis
709 2675 938 2736 nidificatis
967 2696 1089 2726 aves.

254 2744 321 2787 Sic
346 2758 423 2788 vos
451 2759 530 2788 non
552 2741 670 2788 vobis
696 2745 860 2789 vellera
882 2742 1015 2806 fertis
1040 2762 1155 2792 oves.

255 2809 323 2853 Sic
347 2824 425 2853 vos
455 2825 534 2853 non
560 2807 678 2854 vobis
707 2807 963 2867 mellificatis
985 2821 1098 2872 apes.

257 2875 324 2918 Sic
347 2890 425 2919 vos
456 2891 534 2918 non
561 2873 679 2920 vobis
703 2873 840 2937 ferros
866 2889 1029 2921 aratra
1056 2876 1199 2922 boves.

50 2935 166 2998 Qo
191 2937 404 3000 cognite,
430 2939 715 3000 aliquamdiu
734 2940 964 3000 Bathyllus
978 2943 1143 2987 Romae
1158 2939 1309 2987 fabula
1323 2939 1414 2988 fuit
1432 2975 1444 2994 ‚
1471 2944 1605 2990 Maro
1620 2940 1729 2991 vero

54 3003 311 3049 exaltatior.
349 3006 470 3050 Cum
488 3007 525 3050 is
539 3004 786 3067 aliquando
801 3007 1003 3052 Ennium
1021 3008 1066 3051 in
1086 3022 1222 3053 manu
1245 3006 1426 3054 haberet
1444 3041 1456 3060 ,
1471 3022 1732 3072 rogaretur-

56 3080 150 3130 que
159 3069 380 3130 quidnam
395 3069 590 3123 faceret3
610 3070 843 3131 respondit
856 3102 868 3120 ,
884 3070 924 3117 se
942 3088 1112 3132 aurum
1122 3073 1341 3135 colligere
1358 3075 1414 3120 de
1429 3075 1621 3122 stercore
1635 3078 1731 3122 En-

53 3134 148 3181 nii..
172 3134 320 3183 Habet
344 3136 468 3182 enim
497 3139 631 3199 poeta
647 3137 722 3184 ille
751 3138 953 3201 egregias
969 3136 1208 3187 sententias
1221 3137 1300 3186 sub
1314 3139 1462 3189 verbis
1488 3157 1582 3189 non
1610 3141 1734 3188 mul·

907 3205 968 3233 *aaz
1009 3218 1036 3266 3
1630 3219 1734 3261 tum
