2008 3654
747 105 1557 212 1>.VIR‹31L11⁴

293 231 504 280 ferebant
521 263 532 283 ,
563 232 769 280 exhiberi
794 249 874 294 per
893 235 1084 296 virgines
1099 234 1153 278 de
1169 249 1297 278 more
1311 235 1430 279 sacra
1445 248 1537 278 non
1551 231 1743 293 poss‘ent.
1791 233 1883 281 Alii
1905 233 1964 282 ab

299 299 456 344 Oreste
472 299 590 346 circa
605 300 802 344 Siciliam
823 313 960 360 vag0,
979 299 1023 344 id
1054 314 1194 360 genus
1220 299 1433 344 carminis
1449 299 1606 343 Dianae
1633 297 1862 344 redditum
1889 298 1971 344 lo-

301 374 510 424 quuntur
524 394 537 410 ‚
565 380 647 425 per
662 364 811 425 ipsum
828 376 965 424 atque
978 365 1190 425 pastores:
1229 379 1323 425 quo
1339 376 1550 426 tempore
1575 363 1629 407 de
1647 363 1834 424 Scythia
1857 377 1969 410 cum

303 426 474 490 Pylade
503 427 704 490 fugerat,
744 426 946 488 surrepto
959 429 1162 473 numinis
1180 427 1421 474 simulacro
1438 461 1450 480 ,
1485 430 1529 474 δε
1546 427 1689 474 celato
1704 429 1753 472 in
1778 426 1892 473 fasce
1911 427 1981 480 li-„

301 507 522 556 gnorum.
559 495 694 538 Unde
722 492 988 538 Fascelidem
1015 494 1206 538 Dianam
1226 492 1468 553 perhibent
1494 504 1827 553 nuncupatam:
1856 490 1974 554 apud

305 557 379 618 cuj
389 573 436 602 us
451 572 542 603 aras
556 559 729 604 Orestes
747 574 824 618 per
839 558 1112 603 sacerdotem
1131 557 1330 616 ejusdem
1349 558 1552 603 numinis
1567 557 1879 618 Iphigeneiam
1903 557 1976 604 so-

309 637 464 667 rorem
481 622 604 668 suam
622 622 645 668 a
661 623 905 683 parricidio
922 620 1067 666 fuerat
1081 623 1298 681 expiatus.
1334 623 1422 668 Alii
1439 621 1643 684 Apollini
1665 623 1842 668 Nomio
1855 655 1868 674 ,
1890 632 1972 683 pa-

310 687 460 733 storali
487 686 655 733 scilicet
670 689 767 732 Deo
781 720 792 738 ‚
818 702 908 748 qua
923 688 1187 746 tempestate
1203 688 1385 733 Admeti
1403 688 1536 733 boves
1551 699 1743 749 paverat.
1781 686 1870 732 Alii
1890 687 1972 734 Li-

306 751 447 802 bero,
474 753 804 813 Nympharum
836 751 1035 798 scilicet,
1063 754 1106 797 &
1126 754 1387 813 Satyrorum
1406 786 1418 804 ,
1445 753 1546 798 &id
1563 768 1706 812 genus
1722 752 1978 798 numinum*

308 818 508 878 principi
528 849 539 867 ,
558 818 723 878 quibus
740 816 883 877 placet
900 818 1117 862 rusticum
1134 832 1334 864 carmen.
1371 817 1460 862 Alii
1477 819 1710 862 Mercurio
1727 817 1972 877 Daphnidis

309 883 456 942 patri,
483 884 708 943 pastorum
737 882 949 926 omnium
980 883 1203 942 principi,
1233 883 1408 942 &apud
1423 882 1727 927 Theocritum
1756 914 1767 932 ,
1786 886 1829 928 ὃς
1855 880 1968 942 apud

309 947 435 992 hunc
463 946 607 1008 ipsum
626 950 822 1005 poetam.
860 945 949 991 Alii
977 948 1025 991 in
1042 947 1267 992 honorem
1287 949 1430 992 Panos
1447 946 1578 991 scribi
1607 959 1767 1006 putant
1781 946 1974 1009 peculia·

310 1013 422 1057 riter
451 1012 673 1072 pastoralis
702 1013 812 1059 Dei,
845 1012 954 1056 item
977 1010 1144 1059 Sileni,
1175 1013 1370 1063 Silvani,
1394 1025 1530 1073 atque
1549 1013 1823 1058 Faunorum.
1859 1013 1972 1073 Qae
2007 1036 2008 1062 i

307 1091 416 1122 cum
435 1079 593 1122 omnia
609 1078 815 1121 dicantur
829 1108 841 1127 ‚
869 1075 978 1121 illud
994 1079 1081 1123 erit
1096 1077 1458 1136 probatissimum
1480 1108 1491 1122 ‚
1512 1078 1774 1123 Bucolicum
1792 1090 1974 1123 carmen
2007 1072 2008 1076 ¹

308 1143 540 1203 originem
558 1141 719 1186 ducere
734 1142 757 1187 a
773 1139 928 1201 priscis
944 1141 1244 1203 temporibus,
1260 1143 1422 1204 quibus
1437 1142 1523 1186 vita
1543 1141 1769 1202 pastoralis
1782 1144 1975 1188 exercita

310 1218 404 1251 erat
420 1236 434 1254 ‚
448 1206 611 1252 &ideo
629 1208 748 1252 velut
763 1208 885 1251 aurei
900 1204 1035 1251 seculi
1050 1206 1242 1267 speciem
1260 1210 1304 1252 in
1321 1205 1544 1267 ejusmodi
1562 1206 1850 1268 personarum
1872 1205 1976 1252 fim-

308 1271 514 1332 plicitate
538 1272 751 1334 cognosci
772 1289 781 1317 ι
809 1276 851 1319 &
872 1273 1037 1318 merito
1052 1272 1304 1333 Virgilium
1324 1267 1632 1333 processurum
1649 1272 1699 1318 ad
1718 1272 1801 1318 alia
1816 1271 1976 1318 carmi·

312 1351 394 1384 na,
433 1351 526 1380 non
552 1337 733 1382 aliunde
758 1336 967 1397 coepisse,
1003 1338 1086 1383 nili
1109 1338 1164 1382 ab
1192 1353 1242 1383 ca
1260 1339 1348 1382 vita
1361 1352 1463 1398 quae
1480 1338 1626 1398 prima
1654 1339 1703 1383 in
1721 1339 1851 1382 terris
1874 1336 1973 1384 fuit.

310 1401 435 1446 Nam
452 1401 599 1460 postea
614 1418 715 1447 rura
730 1401 852 1447 culta
864 1434 876 1452 ‚
903 1403 946 1447 <Sc
963 1402 1016 1447 ad
1032 1402 1314 1464 postremum
1330 1418 1412 1462 pro
1427 1401 1559 1447 cultis
1576 1407 1620 1450 ὃς
1638 1401 1855 1448 feracibus
1882 1414 1975 1449 ter·

311 1467 370 1510 ris
386 1465 498 1510 bella
513 1463 726 1528 suscepta·
752 1468 876 1528 quod
893 1467 1070 1512 videtur
1091 1467 1308 1528 Virgilius
1324 1469 1370 1513 in
1388 1464 1481 1527 ipso
1494 1468 1653 1513 ordine
1669 1482 1860 1528 operum
1877 1467 1976 1514 suo·

311 1545 417 1576 rum
450 1530 633 1577 voluisse
663 1535 905 1579 monstrare
920 1565 931 1583 ,
958 1548 1064 1578 cum
1083 1534 1277 1594 pastores
1292 1537 1444 1594 primo
1458 1565 1470 1584 ,
1494 1533 1657 1577 deinde
1672 1531 1888 1594 agricolas
1902 1549 1975 1579 ca-

310 1597 408 1644 nit,
439 1599 482 1642 &
497 1597 548 1641 ad
565 1597 787 1643 ultimum
804 1596 1058 1643 bellatores.
1098 1598 1246 1643 Restat
1267 1631 1278 1649 ‚
1308 1609 1358 1642 ut
1377 1629 1388 1648 ,
1411 1612 1510 1658 quae
1533 1596 1676 1642 cauffa
1693 1596 1977 1646 voluntatem

311 1659 516 1707 attulerit
532 1664 674 1723 po'e'tae
692 1662 899 1708 Bucolica
914 1662 1196 1723 potissimum
1219 1662 1469 1715 scribendi,
1497 1662 1842 1708 confideremus.
1887 1665 1980 1711 Aut

310 1728 436 1771 enim
465 1725 704 1773 dulcedine
730 1728 945 1773 carminis
966 1729 1203 1773 Theocriti
1225 1759 1236 1778 ‚
1258 1732 1301 1773 &c
1322 1761 1334 1780 ‚
1361 1728 1662 1774 admiratione
1688 1729 1782 1788 ejus
1806 1727 1980 1778 illestut

310 1793 397 1837 est:
425 1803 500 1837 aut
517 1792 725 1838 ordinem
755 1805 1021 1853 temporum
1047 1796 1108 1838 est
1133 1791 1306 1837 secutus
1331 1809 1437 1855 erga
1455 1793 1594 1838 vitam
1624 1792 1873 1838 humanam
1892 1826 1904 1845 ,
1926 1806 1977 1842 ut

310 1855 442 1916 supra
458 1857 660 1903 diximus
676 1879 687 1912 3
703 1872 779 1904 aut
795 1860 896 1904 treis
915 1857 1077 1903 modos
1091 1858 1406 1903 elocutionum
1426 1890 1438 1909 ,
1452 1854 1976 1919 quosfflgoen‘lffgm'Grae.

312 1922 356 1966 ci
383 1935 545 1968 vocant
561 1944 573 1978 3
604 1916 736 1977 ἱσ-χνὲν
752 1925 830 1985 qui
849 1925 995 1969 tenuis
1011 1955 1023 1974 ‚
1037 1915 1153 1980 οἱᾶὶνὶν
1171 1924 1248 1984 qui
1268 1923 1437 1968 validus
1455 1940 1466 1969 1
1482 1925 1606 1980 μία-ον
1621 1925 1700 1986 qui
1719 1923 1974 1974 moderatus

312 1986 597 2048 intelligitur.
637 1987 863 2034 Credibile
889 1988 1271 2050 erat,Vi1·gilium
1293 2020 1303 2038 ‚
1333 1990 1414 2051 qui
1444 1989 1492 2034 in
1518 1990 1650 2034 omni
1679 1989 1844 2052 genere
1868 2004 1978 2050 prae.

310 2051 503 2097 valuerit
518 2084 530 2102 ‚
558 2055 770 2099 Bucolica
785 2055 988 2115 primum
1007 2086 1020 2105 ,
1048 2053 1535 2115 Georgicasccundum
1551 2085 1564 2102 ‚
1589 2054 1776 2103 AEneida
1787 2055 1978 2102 tertium

314 2117 504 2163 voluisse
519 2117 812 2164 conscribere.
852 2121 943 2165 Aut
959 2121 1061 2164 ideo
1075 2120 1226 2181 potius
1245 2121 1395 2179 primo
1408 2120 1620 2164 Bucolica
1635 2117 1804 2180 scripsit
1819 2153 1831 2173 ,
1855 2133 1909 2167 ut
1932 2121 1978 2167 iu

311 2182 539 2243 ejusmodi
553 2187 753 2229 carmine
769 2216 779 2232 ‚
797 2185 923 2247 quod
938 2182 1125 2243 &paulo
1142 2184 1325 2230 liberius
1341 2219 1352 2236 ,
1370 2187 1413 2230 ὃς
1430 2185 1576 2247 magis
1593 2184 1789 2230 validum
1808 2218 1821 2237 ,
1836 2200 1975 2248 quam

312 2259 459 2295 cetera
476 2280 488 2300 ,
517 2250 579 2294 est
591 2283 601 2301 ‚
636 2249 899 2295 facultatem
918 2249 1100 2296 haberet
1113 2250 1343 2308 captandae
1359 2247 1540 2294 Caesaris
1555 2249 1852 2311 indulgentiae
1867 2284 1879 2303 ‚
1907 2267 1978 2302 re-

314 2315 654 2376 cuperandique
668 2316 760 2377 agri
773 2331 911 2376 quem
928 2313 1229 2360 amiseratOb
1244 2314 1359 2360 hanc
1374 2313 1565 2360 cauffam
1581 2314 1653 2360 die
1669 2315 1805 2360 tertio
1819 2316 1984 2363 iduum

314 2381 586 2425 Martiarum
616 2381 666 2424 C.
695 2382 864 2425 Caesare
890 2379 1132 2425 interfecto
1147 2412 1158 2430 ,
1194 2395 1301 2425 curn
1336 2380 1589 2441 Augustum
1619 2379 1837 2426 Caesarem
1866 2396 1980 2443 pene

312 2460 509 2506 puerum
528 2446 724 2490 veterani
745 2445 911 2491 milites
926 2478 937 2497 ,
965 2461 1057 2489 non
1069 2445 1298 2489 abnuente
1313 2446 1506 2491 Senatu,
1539 2442 1616 2489 fibi
1631 2445 1794 2490 ducem
1811 2446 1980 2491 consti-

315 2510 498 2555 tuiss'ent
515 2541 527 2557 ‚
552 2522 716 2555 exorto
730 2509 851 2555 bello
865 2508 1018 2560 civili,
1045 2508 1374 2555 Cremonenses
1385 2524 1491 2554 cum
1507 2510 1666 2555 ceteris
1679 2508 1876 2568 ejusdem
1892 2511 1983 2562 stu·

315 2574 407 2626 dii,
432 2574 700 2621 adversarios
716 2575 902 2637 Augusti
921 2572 1104 2620 Caesaris
1118 2574 1402 2634 adjuvarunt.
1440 2573 1574 2618 Unde
1598 2572 1768 2624 faCtum
1793 2576 1857 2622 est
1873 2608 1885 2628 ,
1914 2587 1990 2628 ut,=

319 2655 427 2684 cum
446 2641 592 2686 vidtor
608 2643 739 2703 Augu
750 2642 831 2686 stus
845 2642 890 2685 in
904 2655 1067 2685 eorum
1084 2654 1212 2700 agros
1226 2652 1459 2685 veteranos
1475 2639 1636 2684 deduci
1656 2639 1843 2700 juffiffet
1856 2673 1868 2692 ,
1888 2655 1979 2688 non

319 2703 568 2751 sufficiente
584 2723 693 2769 agro
706 2705 1085 2752 Cremonensium
1103 2736 1115 2755 ,
1143 2706 1381 2751 Mantuani
1399 2719 1583 2766 quoque
1598 2735 1609 2752 ‚
1639 2706 1686 2751 in
1704 2707 1868 2767 quibus
1894 2717 1986 2758 erat

323 2770 544 2830 Virgilius
559 2805 570 2823 ‚
603 2773 854 2817 maximam
872 2781 1045 2831 partem
1064 2767 1248 2814 suorum
1270 2770 1430 2815 finium
1449 2770 1729 2832 perdiderint
1745 2803 1756 2821 ‚
1779 2785 1835 2817 eo
1860 2771 1983 2833 quod

321 2835 461 2880 vicini
478 2836 859 2883 Cremonensibus
875 2835 1065 2882 fuerant.
1107 2835 1190 2879 Sed
1207 2836 1425 2898 Virgilius
1442 2868 1454 2886 ‚
1472 2839 1601 2896 Augu
1611 2837 1659 2881 sti
1676 2835 1983 2884 familiaritate

323 2897 495 2960 suoque
519 2903 719 2947 carmine
736 2902 874 2947 fretus
891 2935 903 2953 ‚
919 2899 1179 2947 centurioni
1197 2901 1304 2946 Atio
1320 2898 1528 2946 obfistere
1545 2899 1669 2946 ausus
1686 2903 1760 2946 est.
1799 2899 1879 2947 llle
1903 2902 1986 2948 sta·

321 2965 407 3008 tim
424 2997 435 3014 ‚
467 2979 517 3009 nt
534 2966 664 3011 miles
679 3000 689 3018 ‚
713 2967 764 3012 ad
779 2967 987 3029 gladium
1006 2980 1194 3011 manum
1215 2965 1432 3012 admovit.
1469 2966 1687 3028 Cumque
1701 2964 1744 3012 se
1758 2967 1806 3011 in
1821 2965 1980 3030 fugam

319 3030 608 3091 proripuiss'et
622 3034 752 3091 po'e'ta
766 3064 778 3082 ‚
804 3046 893 3077 non
910 3032 1033 3091 prius
1048 3029 1344 3091 persequendi
1364 3029 1463 3076 finis
1479 3029 1567 3076 fuit
1581 3061 1593 3078 ‚
1619 3047 1758 3091 quam
1775 3028 1816 3076 se
1831 3031 1880 3078 in
1898 3031 1985 3078 flu-

314 3097 444 3143 vium
464 3095 683 3159 Virgilius
699 3096 972 3158 conjecisset.
1016 3096 1098 3144 Sed
1114 3098 1290 3165 postea,
1317 3098 1566 3147 Maecenatc
1582 3128 1597 3149 ‚
1622 3101 1667 3146 ὃς.
1681 3095 1915 3143 Pollione,
1937 3098 1985 3144 ὃς

1790 3197 1801 3205 Α
1858 3159 1959 3229 ipso,
