2008 3654
678 132 1144 207 VIT‘A.

0 284 1 290 χ
74 230 172 297 ipso
191 230 394 295 Augusto
416 220 693 278 faventibus,
725 243 855 290 agros
883 228 984 274 suos
1005 228 1193 288 recepit.
1236 226 1440 272 Intentio
1458 226 1561 274 libri
1577 261 1588 280 ,
1605 243 1747 293 qnam

73 296 223 344 σκοπὸν
238 296 386 344 Graeci
403 307 569 341 vocant
583 328 594 347 ,
620 295 883 340 imitatione
896 293 1137 339 Theocriti
1155 293 1301 353 poe'tae
1321 292 1612 339 constituitur
1627 326 1640 343 ‚
1667 298 1750 357 qui

81 364 257 410 Siculus
274 395 286 414 ‚
312 364 356 408 δί
371 359 672 421 Syracusanus
687 359 791 406 fuit:
832 361 904 405 Est
921 359 1116 404 intentio
1129 357 1270 402 etiam
1290 357 1337 402 in
1353 356 1533 403 laudem
1554 359 1753 410 Ca‘saris.

33 432 35 435 ⁴
79 431 128 476 &
142 428 401 490 principum
418 438 674 471 ceterorum
691 458 702 476 ,
728 441 809 487 per
823 440 936 486 quos
952 425 999 469 in
1017 422 1136 468 sedes
1152 422 1249 469 suas
1273 422 1435 468 rediit:
1469 424 1586 468 unde
1598 454 1611 471 ‚
1642 438 1690 471 ut
1705 431 1753 474 ὃς

78 493 422 539 delectationem
456 496 500 539 δε
527 491 777 537 utilitatem
810 489 909 536 finis
935 490 1196 535 contineret
1209 521 1220 539 ‚
1251 488 1501 534 secundum
1531 503 1755 550 praecepta

74 558 240 604 cunita
264 553 479 601 confecit.
527 557 684 615 Quaeri
712 554 824 602 solet
840 572 922 603 cur
937 570 1029 601 non
1054 554 1221 616 plureis
1236 569 1374 616 quam
1394 554 1551 599 decem
1571 553 1758 617 Eclogas

76 619 535 684 conscripserit2quod
553 637 845 686 nequaquam
867 620 1128 667 mirandum
1148 619 1379 666 videbitur
1393 620 1433 664 ei
1449 620 1529 682 qui
1545 619 1757 667 confide·

73 688 239 735 raverit
250 698 426 733 aetatem
440 687 675 734 scenarum
696 687 1113 750 pastoralium,quae
1128 685 1246 732 ultra
1260 684 1383 731 hunc
1397 700 1644 731 numerum
1659 703 1758 736 non

74 754 221 816 potest
237 752 429 815 proferri
446 776 459 810 3
487 753 734 815 praesertim
757 769 865 798 cum
889 751 982 814 ipse
994 753 1126 813 poeta
1141 750 1521 812 circumspectior
1536 751 1764 799 Theocri-

43 869 54 873 ,
77 831 129 866 to
144 850 156 868 ‚
176 831 226 865 ut
242 818 334 880 ipsa
347 834 415 864 res
429 819 602 864 indicat
616 852 628 870 ,
657 819 864 864 videatur
881 829 1085 864 metuere
1101 849 1114 870 ,
1143 834 1199 864 ne
1214 815 1291 861 illa
1303 816 1472 878 Ecloga
1487 832 1590 879 quae
1608 817 1757 866 Pollio

77 883 342 931 inscribitur
360 916 372 935 ,
397 885 551 930 minus
578 886 741 930 rustica
765 884 997 934 videatur,
1022 899 1130 929 cum
1159 881 1298 944 ipsam
1316 881 1374 927 fic
1390 883 1622 943 praestruat
1649 883 1757 945 ipse,

71 950 236 997 ‘dicens
255 983 268 1002 ,
290 950 479 996 Sicelides
497 949 627 1009 Mufiz
644 983 655 1001 ‚
677 954 822 1011 paullo
837 952 1005 1012 majora
1020 965 1223 994 canamm
1245 966 1254 993 :
1283 950 1326 993 8<
1341 948 1463 993 idem
1480 947 1693 994 fimiliter
1708 952 1758 997 in

81 1015 178 1063 aliis
193 1016 363 1063 duabus
378 1015 499 1061 facit.
534 1016 657 1061 Illud
673 1015 924 1061 tenendum
944 1015 1029 1060 effe
1043 1015 1331 1075 praedicimus
1349 1014 1392 1058 in
1408 1013 1632 1060 Bucolicis
1648 1016 1759 1062 Vir-

43 1118 46 1121 .
79 1082 210 1144 gilii,
238 1097 384 1144 neque
399 1079 622 1143 nusquam
644 1114 655 1132 ‚
684 1097 830 1143 neque
847 1080 1016 1142 ubique
1033 1080 1201 1142 aliquid
1220 1078 1411 1140 figurate
1427 1079 1519 1125 dici
1533 1111 1547 1128 ‚
1578 1080 1666 1127 hoc
1681 1084 1757 1135 est,

79 1162 161 1210 per
173 1146 455 1210 allegoriam.
503 1147 596 1192 Vix
623 1149 749 1193 enim
769 1159 954 1208 propter
978 1146 1160 1192 laudem
1177 1143 1359 1192 Caesaris
1376 1145 1614 1206 &amissos
1627 1162 1760 1210 agros

55 1263 61 1266 ,
81 1212 181 1260 haec
196 1212 394 1275 Virgilio
410 1212 726 1258 conceduntur
744 1246 755 1264 ‚
780 1228 888 1258 cum
906 1212 1181 1258 Theocritus
1194 1244 1206 1262 ,
1237 1226 1376 1272 quem
1397 1210 1472 1256 hic
1490 1212 1635 1257 noster
1655 1226 1760 1260 toto

76 1279 230 1326 studio
245 1279 416 1324 imitari
430 1291 645 1330 conatur,
664 1278 931 1340 fimpliciter
947 1280 1144 1324 omnino
1160 1276 1489 1339 conscripserit.
1526 1278 1668 1334 Quod
1685 1296 1766 1327 au-

73 1353 183 1391 -tem
213 1345 261 1390 in
287 1343 386 1406 ipso
400 1344 606 1391 carmine
623 1345 800 1390 tractari
818 1342 953 1397 solet,
984 1345 1044 1389 est
1059 1359 1278 1390 numerus
1293 1377 1305 1394 ‚
1330 1342 1443 1388 ordo
1459 1376 1470 1395 ‚
1486 1343 1760 1404 explanatio.

85 1411 323 1457 Numerus
336 1410 608 1472 Eclogarum
626 1409 982 1455 niaiiifestusest.
1025 1412 1148 1456 Nam
1178 1409 1336 1454 decem
1366 1408 1494 1454 sunt:
1523 1424 1579 1454 ex
1593 1411 1763 1472 quibus

85 1477 270 1537 proprie
282 1475 504 1521 Bucolicae
520 1492 571 1520 vi
590 1492 624 1520 t.
642 1476 728 1521 esse
752 1477 1024 1521 creduntur:
1052 1491 1158 1521 nam
1177 1486 1267 1520 tres
1284 1473 1462 1520 ultimae
1478 1478 1659 1535 proprie
1675 1480 1764 1524 Bu-

84 1542 243 1588 colicae
268 1541 358 1587 dici
387 1557 481 1587 non
506 1541 699 1592 debent,
729 1542 874 1587 Pollio
903 1540 1073 1587 scilicet
1092 1574 1103 1592 ‚
1127 1541 1329 1587 Silenus,
1346 1539 1576 1586 &Ga11u3.
1609 1543 1766 1591 Prima

83 1608 227 1670 igitur
251 1607 458 1652 continet
483 1608 859 1668 conquestionem
887 1606 1117 1667 publicam
1140 1639 1152 1658 ‚
1175 1608 1218 1652 ὃ(
1236 1607 1460 1667 privatam
1477 1609 1766 1670 congratula-

81 1675 262 1719 tionem
279 1671 333 1717 de
347 1688 455 1734 agro
473 1705 482 1722 ‚
505 1676 547 1719 ὃς
564 1673 732 1718 dicitur
747 1675 947 1732 Tityrus.
985 1674 1188 1716 Secunda
1203 1687 1409 1718 amorem
1428 1673 1584 1731 pueri,
1617 1679 1662 1723 &
1691 1675 1768 1721 di-

85 1740 206 1785 citur
238 1736 406 1785 Alexis.
450 1741 604 1784 Tertia
650 1751 882 1783 certamen
929 1738 1156 1797 pastorum
1175 1769 1187 1787 ‚
1224 1741 1269 1784 &
1304 1737 1474 1783 dicitur
1510 1738 1759 1786 Palaemon.

82 1805 257 1862 Quarta
280 1803 644 1864 genethliacum‚
659 1807 701 1850 ὅζ
731 1804 897 1849 dicitur
916 1802 1080 1848 Pollio.
1117 1802 1291 1866 Qinta
1304 1801 1592 1864 epitaphium
1612 1838 1624 1857 ‚
1639 1807 1765 1852 &d1-

81 1872 202 1917 citur
218 1869 432 1929 Daphnis,
470 1871 602 1915 Sexta
621 1901 632 1919 ‚
647 1868 1056 1931 metamorphofin,
1072 1873 1114 1917 ὃς
1130 1869 1302 1915 dicitur
1317 1871 1492 1917 Varius,
1511 1872 1553 1917 &
1569 1870 1762 1919 Silenus.

85 1937 311 1998 Septima,
332 1951 507 1980 amores
525 1934 808 1980 diversorum
826 1934 1015 1981 sexuum
1036 1968 1046 1986 ‚
1064 1938 1106 1981 &
1122 1934 1290 1980 dicitur
1305 1935 1542 1996 Corydon.
1584 1937 1763 1987 Ostava

82 2001 476 2048 Pharmaceutria‚
494 2004 537 2047 ἃ.
553 2001 720 2047 dicitur
737 2003 932 2046 Damon.
972 2002 1107 2046 Nona
1121 2034 1132 2051 ,
1165 2002 1375 2046 continet
1392 2004 1536 2063 poetae
1549 2017 1763 2065 conque-

80 2068 272 2113 stionem
289 2068 343 2113 de
358 2065 517 2112 amisso
533 2071 707 2129 agrm&
723 2067 895 2112 dicitnr
912 2067 1088 2112 Moeris.
1126 2067 1320 2111 Decima
1333 2066 1600 2113 desiderium
1618 2068 1760 2119 Galli.

32 2151 35 2154 ·
83 2136 130 2182 &
145 2132 317 2178 dicitur
329 2131 497 2177 Gallus.
537 2133 676 2188 Quod
690 2132 742 2178 ad
760 2133 969 2177 ordinem
987 2128 1155 2194 spectat
1170 2163 1182 2179 ,
1195 2130 1308 2177 illud
1325 2130 1434 2177 scire
1448 2133 1669 2180 debemus
1684 2167 1697 2187 ‚
1712 2136 1765 2182 in

76 2199 230 2259 prima
252 2210 432 2244 tantum
447 2230 460 2249 ‚
486 2200 530 2243 δε
546 2199 709 2244 ultima
727 2198 894 2260 Ecloga
919 2200 1103 2259 poetam
1121 2197 1309 2244 voluisse
1325 2198 1537 2244 ordinem
1555 2196 1727 2247 servare
1746 2220 1758 2250 2

76 2263 302 2325 quoniam
317 2265 366 2308 in
381 2261 516 2307 altera
531 2263 813 2323 princip-ium
829 2264 1090 2309 constituit:
1108 2275 1158 2309 ut
1176 2264 1221 2308 in
1239 2264 1478 2326 Georgicis
1494 2265 1556 2311 ait
1573 2295 1585 2314 ‚
1600 2268 1759 2328 Tityre,

81 2339 128 2374 te
138 2327 296 2388 patula
309 2329 430 2373 cecini
433 2326 517 2387 sub
531 2331 712 2387 tegmine
719 2327 835 2389 fagi.
872 2331 922 2373 In
940 2328 1079 2374 altera
1091 2328 1283 2374 ostendit
1302 2328 1442 2375 finem
1459 2348 1469 2376 :
1489 2332 1664 2393 quippe
1679 2334 1760 2394 qui

78 2390 198 2438 dicat
213 2424 225 2443 ,
239 2398 501 2438 Extremum
517 2390 628 2438 hunc
647 2392 867 2452 Arethusa
881 2392 984 2437 mihi
997 2394 1165 2438 concede
1176 2394 1376 2439 laborem.
1414 2396 1591 2441 Verum
1607 2428 1619 2444 ‚
1640 2398 1762 2444 inter

70 2453 190 2518 ipsas
216 2457 401 2520 Eclogas
424 2487 438 2503 ‚
473 2458 740 2519 pastoralem
771 2456 1179 2519 conscriptumque
1207 2459 1419 2503 ordinem
1447 2460 1630 2506 nullum
1659 2464 1763 2516 effe,

78 2522 379 2568 certissimum
395 2523 470 2568 est.
507 2522 590 2568 Sed
606 2521 706 2568 sunt
720 2524 800 2585 qui
815 2523 970 2574 dicant
983 2554 995 2571 ‚
1013 2523 1200 2576 initium
1218 2523 1416 2570 Bucolici
1434 2527 1651 2573 carminis
1663 2545 1764 2577 non

77 2590 225 2651 Zityre
251 2587 361 2644 effe3
391 2587 470 2632 sed
487 2621 499 2639 ,
527 2592 673 2635 Prima
687 2588 906 2656 Syracusio
921 2591 1099 2649 dignata
1128 2591 1187 2635 es?
1201 2588 1346 2637 ludere
1363 2590 1508 2651 versu.
1551 2593 1762 2653 Superest

79 2653 340 2714 explanatio
354 2672 363 2700 :
376 2653 430 2700 ad
445 2668 585 2716 quam
602 2666 844 2716 antequam
864 2657 1100 2700 veniamus
1115 2688 1126 2707 ‚
1143 2654 1255 2699 illud
1274 2656 1470 2701 dixerim
1486 2691 1499 2709 ,
1518 2667 1656 2705 tenue
1669 2659 1759 2705 effe

79 2719 349 2766 Bucolicum
366 2735 551 2765 carmen
568 2752 580 2771 ,
609 2723 652 2766 &
668 2721 810 2783 usque
824 2716 934 2765 adeo
949 2719 1004 2766 ab
1024 2723 1223 2765 Hero'i'co
1240 2719 1494 2773 cliaraCtere
1507 2722 1666 2770 distare
1679 2757 1692 2773 ,
1707 2739 1760 2772 ut

80 2781 228 2830 versus
239 2800 424 2847 quoque
440 2785 515 2846 huj
524 2802 571 2830 us
591 2788 807 2832 carminis
820 2784 916 2831 suas
929 2784 1143 2848 quasdam
1161 2784 1342 2830 caesuras
1359 2786 1553 2834 habeant
1565 2822 1578 2841 ‚
1604 2794 1647 2837 &
1664 2790 1759 2840 suis

81 2848 256 2911 legibus
270 2851 617 2912 distinguantur.
656 2854 778 2897 Nam
795 2868 902 2897 cum
922 2852 1068 2898 tribus
1084 2851 1303 2911 probetur
1318 2865 1520 2899 metrum
1537 2890 1550 2908 ,
1577 2850 1756 2912 c'aeihra,

82 2914 307 2962 scanfione
321 2947 333 2964 ‚
353 2914 698 2963 modificatione
717 2939 730 2973 3
763 2933 854 2962 non
872 2919 956 2962 erit
972 2917 1207 2962 Bucolicus
1223 2916 1367 2963 versus
1389 2951 1401 2970 ‚
1431 2919 1510 2964 nisi
1527 2922 1574 2966 in
1603 2939 1698 2985 quo
1713 2927 1758 2972 ὃς

78 2993 157 3044 pes
171 2981 348 3041 primus
364 2993 540 3043 partem
559 2984 780 3029 orationis
792 2983 910 3029 absol
921 2983 1054 3028 verit:
1083 2985 1127 3028 ἅ
1143 2984 1301 3028 tertius
1315 2984 1541 3032 trochaeus
1556 2985 1695 3034 fuerit
1711 2995 1757 3037 Sc

81 3043 269 3099 caesum,
298 3051 543 3110 &quartus
559 3064 635 3110 pes
652 3049 856 3109 dactylus
881 3048 1026 3110 magis
1051 3062 1190 3108 quam
1205 3047 1424 3110 spondeus
1449 3065 1625 3112 partem
1652 3071 1757 3100 ora-

19 3164 22 3165 ?
78 3110 218 3162 tionis
242 3114 583 3167 terminaverit,
610 3116 803 3178 quintus
831 3117 874 3162 ὃς
900 3113 1050 3159 sextus
1078 3128 1151 3174 pes
1179 3131 1234 3162 ex
1264 3116 1454 3180 integris
1479 3118 1758 3168 dictionibus

926 3183 951 3209 *
968 3182 989 3208 *
1027 3194 1059 3240 5
1664 3187 1764 3236 fue-
